@article {
	survey,
	author = {Baydin, At\i{}l\i{}m G\"{u}nes and Pearlmutter, Barak A. and Radul, Alexey Andreyevich and Siskind, Jeffrey Mark},
	title = {Automatic differentiation in machine learning: a survey},
	year = {2017},
	issue_date = {January 2017},
	publisher = {JMLR.org},
	volume = {18},
	number = {1},
	issn = {1532-4435},
	journal = {J. Mach. Learn. Res.},
	month = jan,
	pages = {5595–5637},
	numpages = {43},
	keywords = {differentiable programming, backpropagation}
}
@book{
	griewank,
	author = {Griewank, Andreas and Walther, Andrea},
	title = {Evaluating Derivatives},
	publisher = {Society for Industrial and Applied Mathematics},
	year = {2008},
	doi = {10.1137/1.9780898717761},
	address = {},
	edition   = {Second},
	URL = {https://epubs.siam.org/doi/abs/10.1137/1.9780898717761},
	eprint = {https://epubs.siam.org/doi/pdf/10.1137/1.9780898717761}
}
@misc {
	cookbook,
	author       = "K. B. Petersen and M. S. Pedersen",
	title        = "The Matrix Cookbook",
	year         = "2012",
	month        = "nov",
	keywords     = "Matrix identity, matrix relations, inverse, matrix derivative",
	publisher    = "Technical University of Denmark",
	address      = "",
	note         = "Version 20121115",
	url          = "http://www2.compute.dtu.dk/pubdb/pubs/3274-full.html",
}
% https://onlinelibrary.wiley.com/action/showCitFormats?doi=10.1002%2F9781119541219
@book{
	magnus,
	title = {Matrix Differential Calculus with Applications in Statistics and Econometrics},
	author = {Jan R. Magnus and Heinz Neudecker},
	publisher = {John Wiley \& Sons, Ltd},
	year = {2019},
	doi = {https://doi.org/10.1002/9781119541219},
	edition   = {1},
	url = {https://onlinelibrary.wiley.com/doi/abs/10.1002/9781119541219},
	eprint = {https://onlinelibrary.wiley.com/doi/pdf/10.1002/9781119541219}
}
@article{
	equiv,
	author       = {S{\"{o}}ren Laue},
	title        = {On the Equivalence of Forward Mode Automatic Differentiation and Symbolic Differentiation},
	journal      = {CoRR},
	volume       = {abs/1904.02990},
	year         = {2019},
	url          = {http://arxiv.org/abs/1904.02990},
	eprinttype    = {arXiv},
	eprint       = {1904.02990},
	timestamp    = {Wed, 24 Apr 2019 12:21:25 +0200},
	biburl       = {https://dblp.org/rec/journals/corr/abs-1904-02990.bib},
	bibsource    = {dblp computer science bibliography, https://dblp.org}
}
@article{
	notion,
	title = {On the concept of matrix derivative},
	journal = {Journal of Multivariate Analysis},
	volume = {101},
	number = {9},
	pages = {2200-2206},
	year = {2010},
	issn = {0047-259X},
	doi = {https://doi.org/10.1016/j.jmva.2010.05.005},
	url = {https://www.sciencedirect.com/science/article/pii/S0047259X10001120},
	author = {Jan R. Magnus},
	keywords = {Matrix calculus, Matrix derivative, Definitions},
}
@article{
	laue,
	title={A Simple and Efficient Tensor Calculus},
	volume={34},
	url={https://ojs.aaai.org/index.php/AAAI/article/view/5881},
	doi={10.1609/aaai.v34i04.5881},
	number={04},
	journal={Proceedings of the AAAI Conference on Artificial Intelligence},
	author={Laue, Sören and Mitterreiter, Matthias and Giesen, Joachim},
	year={2020},
	month={Apr.},
	pages={4527-4534},
}
